@article{stephens2015big,
  title={Big data: astronomical or genomical?},
  author={Stephens, Zachary D and Lee, Skylar Y and Faghri, Faraz and Campbell, Roy H and Zhai, Chengxiang and Efron, Miles J and Iyer, Ravishankar and Schatz, Michael C and Sinha, Saurabh and Robinson, Gene E},
  journal={PLoS biology},
  volume={13},
  number={7},
  pages={e1002195},
  year={2015},
  publisher={Public Library of Science},
  url = "https://journals.plos.org/plosbiology/article?id=10.1371/journal.pbio.1002195"
}

@TECHREPORT {openstack-hpc,
    author      = "Telfer, Stig",
    title       = "The Crossroads of Cloud and {HPC}: OpenStack for Scientific Research",
    institution = "Stack{HPC} Ltd",
    year        = "2016",
    month       = "October",
    url         = "https://www.openstack.org/assets/science/OpenStack-CloudandHPC6x9Booklet-v4-online.pdf"
}

@ARTICLE {inside-hpc-h4h-mellanox,
    author  = "{Inside HPC}",
    title   = "HPC4Health Selects Mellanox InfiniBand for Cancer and Genomics Research",
    journal = "Inside HPC",
    year    = "2015",
    month   = "Sept",
    url     = "https://insidehpc.com/2015/09/hpc4health-selects-mellanox-infiniband-for-cancer-and-genomics-research/"
}

@ARTICLE {hn-hpc4health,
    author  = "{Hospital News}",
    title   = "SickKids-{UHN} partnership brings cloud technology to health care",
    journal = "Hospital News",
    year    = "2014",
    month   = "Nov",
    url     = "http://hospitalnews.com/sickkids-uhn-partnership-brings-cloud-technology-health-care/"
}

@ARTICLE {gw-hpc4health,
    author  = "{Genome Web}",
    title   = "SickKids, {UHN} Pilot New Cloud Infrastructure for Healthcare",
    journal = "Genome Web",
    year    = "2014",
    month   = "Nov",
    url     = "https://www.genomeweb.com/informatics/sickkids-uhn-pilot-new-cloud-infrastructure-healthcare"
}